<?xml version="1.0" encoding="UTF-8"?>
<collection xmlns:xsi="http://www.w3.org/2001/XMLSchema-instance" xsi:schemaLocation="http://www.loc.gov/MARC21/slim http://www.loc.gov/standards/marcxml/schema/MARC21slim.xsd" xmlns="http://www.loc.gov/MARC21/slim">
<record>
  <leader>01538cam a22002411  4500</leader>
  <controlfield tag="001">3068351</controlfield>
  <controlfield tag="003">NNC</controlfield>
  <controlfield tag="005">20140411141432.0</controlfield>
  <controlfield tag="008">010820m1888    ua            000 0 ara d</controlfield>
  <datafield tag="035" ind1=" " ind2=" ">
    <subfield code="a">(OCoLC)ocm47807656</subfield>
  </datafield>
  <datafield tag="035" ind1=" " ind2=" ">
    <subfield code="9">ATP0799CU</subfield>
  </datafield>
  <datafield tag="035" ind1=" " ind2=" ">
    <subfield code="a">(NNC)3068351</subfield>
  </datafield>
  <datafield tag="040" ind1=" " ind2=" ">
    <subfield code="a">ZCU</subfield>
    <subfield code="c">ZCU</subfield>
  </datafield>
  <datafield tag="099" ind1=" " ind2=" ">
    <subfield code="a">893.799</subfield>
    <subfield code="a">T174</subfield>
  </datafield>
  <datafield tag="100" ind1="1" ind2=" ">
    <subfield code="a">Ṭarābulusī, ʻAlī ibn Khalīl,</subfield>
    <subfield code="d">-1440 or 1441.</subfield>
  </datafield>
  <datafield tag="240" ind1="1" ind2="0">
    <subfield code="a">Muʻīn al-ḥukkām fi-mā yataraddadu bayna al-khiṣmayn min al-aḥkā</subfield>
  </datafield>
  <datafield tag="245" ind1="1" ind2="0">
    <subfield code="a">Kitāb Muʻīn al-ḥukkām fīmā yataraddadu bayna al-khiṣmayn min al-aḥkām, li- ʻAlāʾ-al-Dīn Abī al-Ḥasan ʻAlī ibn Khalīl al-Ṭarābulusī al-Ḥanafī qāḍī al-Quds al-sharīf.</subfield>
    <subfield code="b">Wa-bi-hāmishihī Kitāb Lisān al-hukkām fī maʻrifat al-aḥkām,</subfield>
    <subfield code="c">taʾlīf Abī al-Walīd Ibrāhīm ibn Abī al-aman Muḥammad ibn Abī al-Faḍl Muḥammad ibn Abī al-Walīd Muḥammad ibn Ạbī al-Faḍl Muḥammad ibn Muḥammad ibn al-Shiḥnah al-Ḥanafī (... walam yutimm al-aṣla ... thumma inna baʻḍ al-afāḍil min al-ʻulamāʾ kataba takmilatahū ... , wahuwa Burhān-al-Dīn Ibrāhim al-Khālifī al-ʻAdawī)</subfield>
  </datafield>
  <datafield tag="260" ind1=" " ind2=" ">
    <subfield code="a">[Miṣr,</subfield>
    <subfield code="b">al-Maṭb. al-Maimanīyah:</subfield>
    <subfield code="b">Aḥmad al-Bābī al-Ḥalabī,</subfield>
    <subfield code="c">1306 h., 1888 m.]</subfield>
  </datafield>
  <datafield tag="300" ind1=" " ind2=" ">
    <subfield code="a">4, 245, 2 p.</subfield>
  </datafield>
  <datafield tag="650" ind1=" " ind2="0">
    <subfield code="a">Judicial process (Islamic law)</subfield>
  </datafield>
  <datafield tag="650" ind1=" " ind2="0">
    <subfield code="a">Hanafites.</subfield>
  </datafield>
  <datafield tag="700" ind1="1" ind2=" ">
    <subfield code="a">Ibn al-Shiḥnah, Muḥibb al-Dīn Muḥammad ibn Muḥammad,</subfield>
    <subfield code="d">1402-1485.</subfield>
    <subfield code="t">Lisān al-ḥukkām fī maʻrifat al-aḥkām.</subfield>
  </datafield>
  <datafield tag="955" ind1=" " ind2=" ">
    <subfield code="b">CU58867597</subfield>
    <subfield code="d">off,glx</subfield>
    <subfield code="e">893.799 T174</subfield>
  </datafield>
</record>
</collection>